<?xml version="1.0" encoding="UTF-8"?><collection><record><leader>07169ntm a2200745 a 4500</leader><controlfield tag="001">006818234</controlfield><controlfield tag="003">MiAaHDL</controlfield><controlfield tag="005">20190719000000.0</controlfield><controlfield tag="006">m        d        </controlfield><controlfield tag="007">cr bn ---auaua</controlfield><controlfield tag="008">090612s1822    xx            00| ||ota d</controlfield><datafield tag="035" ind1=" " ind2=" "><subfield code="a">(MiU)006818234</subfield></datafield><datafield tag="035" ind1=" " ind2=" "><subfield code="a">sdr-miu006818234</subfield></datafield><datafield tag="040" ind1=" " ind2=" "><subfield code="a">MiU</subfield><subfield code="c">MiU</subfield><subfield code="e">amremm</subfield></datafield><datafield tag="041" ind1="0" ind2=" "><subfield code="a">ota</subfield></datafield><datafield tag="043" ind1=" " ind2=" "><subfield code="a">n-us-mi</subfield><subfield code="a">a-tu---</subfield></datafield><datafield tag="100" ind1="0" ind2=" "><subfield code="6">880-01</subfield><subfield code="a">Mustafa bin Ali,</subfield><subfield code="c">Muvakkit,</subfield><subfield code="d">-1571.</subfield></datafield><datafield tag="245" ind1="1" ind2="0"><subfield code="6">880-03</subfield><subfield code="a">[Kifayetü'l-vakit li-marifeti'd-dair ve fazle ve's-semt ...etc.,</subfield><subfield code="f">1238, i.e. 1822].</subfield></datafield><datafield tag="246" ind1="3" ind2=" "><subfield code="a">Kifayetü'l-vakt li-ma'rifeti'd-dair ve fazli'd-dair ve's-semt</subfield></datafield><datafield tag="246" ind1="3" ind2=" "><subfield code="a">Kifāyat al-waqt li-maʻrifat al-dāʼir wa-faḍlih wa-al-samt</subfield></datafield><datafield tag="246" ind1="3" ind2=" "><subfield code="i">Title from rubricated heading at opening of second work (p.44):</subfield><subfield code="a">هذا رسالۀ جيب آفاقى</subfield></datafield><datafield tag="246" ind1="3" ind2=" "><subfield code="i">Title from rubricated heading at opening (p.4):</subfield><subfield code="a">هذا رسالۀ مقنطره لسليمى</subfield></datafield><datafield tag="246" ind1="3" ind2=" "><subfield code="i">Title from inscription on front flyleaf (p.1):</subfield><subfield code="a">كتاب المقنطرات</subfield></datafield><datafield tag="260" ind1=" " ind2=" "><subfield code="c">[1822].</subfield></datafield><datafield tag="300" ind1=" " ind2=" "><subfield code="a">60 leaves :</subfield><subfield code="b">paper ;</subfield><subfield code="c">160 x 111 (119 x 63) mm.</subfield></datafield><datafield tag="500" ind1=" " ind2=" "><subfield code="a">Shelfmark: Ann Arbor, University of Michigan, Special Collections Library, Isl. Ms. 828</subfield></datafield><datafield tag="500" ind1=" " ind2=" "><subfield code="a">Origin: As appears in colophon on p.42, transcription of opening work completed 27 Muḥarram 1238 [ca. 14 October 1822]. Transcription of second work and addendum likely completed around the same time.</subfield></datafield><datafield tag="500" ind1=" " ind2=" "><subfield code="a">Binding: Pasteboards (very thin, only a few layers) now covered in printed laid paper (in blue-green) ; Type III binding (without flap) ; doublures (board linings) in splendid block-printed paper with floral and fruit motifs (carnations, etc.) in dark blue, red, yellow and green ; sewn in black thread, two stations ; worked chevron endbands in black and cream, fairly good condition ; overall in somewhat poor condition with signficant abrasion, staining, lifting and losses of paper, etc.</subfield></datafield><datafield tag="500" ind1=" " ind2=" "><subfield code="a">Support: European laid paper of two types ; opening type (appears toward close of volume as well) with 9 laid lines per cm. (horizontal), chain lines spaced 30 mm. apart (vertical), and watermark of a bird on a pedestal (see p.6, 16, 20, 28, 30, 31, etc.), thin and transluscent though sturdy, well-burnished to glossy ; next type with 7 laid lines per cm. (horizontal), chain lines spaced 32 mm. apart (vertical), and watermarks including crescent (visible in p.54, 58, 62, 64, 86, etc.) and "S" (visible in p.84, 100, etc.).</subfield></datafield><datafield tag="500" ind1=" " ind2=" "><subfield code="a">Decoration: Keywords, section headings and symbols rubricated ; written area surrounded by red rule-border.</subfield></datafield><datafield tag="500" ind1=" " ind2=" "><subfield code="a">Script: Naskh ; mainly one clear, Turkish hand ; partially but irregularly seriffed with effect of tilt to the left, quite rounded with curvilinear descenders, many open counters, pointing (for two and three dots) in strokes rather than distinct dots ; incipit page of second work (p.44) in a different hand.</subfield></datafield><datafield tag="500" ind1=" " ind2=" "><subfield code="a">Layout: Written in 15 lines per page ; frame-ruled.</subfield></datafield><datafield tag="500" ind1=" " ind2=" "><subfield code="a">Collation: 4 V(40), VI (52), IV (60) ; chiefly quinions ; catchwords present ; pagination in pencil, Western numerals, supplied during digitization (skips two pages between pp.59-60).</subfield></datafield><datafield tag="500" ind1=" " ind2=" "><subfield code="a">Colophon: [Kifayetü'l-vakit li-marifeti'd-dair ve fazle ve's-semt] "Scribal," triangular, reads "تمت رسالۀ مقنطره سنه ١٢٣٨ فى ٢٨ م يوم الاثنين"</subfield></datafield><datafield tag="500" ind1=" " ind2=" "><subfield code="a">Explicit: [Kifayetü'l-vakit li-marifeti'd-dair ve fazle ve's-semt] "سمت قبله يه مطابق اولدى قبله دخى قوس ارتفاعك طرفنه واقع اولدى" ; [Risale-yi ceyb-i afaki] "صويه وارنجه درنلكى سكزبجق زراع اولدى وقس على هذا تمت م"</subfield></datafield><datafield tag="500" ind1=" " ind2=" "><subfield code="a">Incipit: [Kifayetü'l-vakit li-marifeti'd-dair ve fazle ve's-semt] "الحمد لله الذى جعل على البحر الاحضر [الاخضر] الفلك قناطير المقطنراة ... وبعد بو افقر عباد الله مصطفى بن على الموقت بالجامع الحاقانى السليمو ... وبو رسالۀ كفاية الوقت لمعرفت الدائر وفضله والسمت برله تسميه ايلدم ..." ; [Risale-yi ceyb-i afaki] "الحمد لله رب العالمين والصلوة والسلام على سيدنا محمد واله وصحبه اجمعين آلات ارتفاعيه دن ربع الدائرى تصبير ... آلت ارتفاعينك جيب طرفنده اولان دوائر وخطوطك بياننده دير قوس الارتفاع ..."</subfield></datafield><datafield tag="500" ind1=" " ind2=" "><subfield code="a">Title supplied by cataloguer from opening matter of first work (p.4) and rubricated heading at opening of second work (p.44).</subfield></datafield><datafield tag="500" ind1=" " ind2=" "><subfield code="a">Ms. codex.</subfield></datafield><datafield tag="505" ind1="0" ind2=" "><subfield code="a">4. p.115-p.117 : Tarik-i eshel-i ceyb-i irtifa.</subfield></datafield><datafield tag="505" ind1="0" ind2=" "><subfield code="a">3. p.44-p.114 : Risale-yi ceyb-i âfakî/ Mustafa bin Ali Muvakkit.</subfield></datafield><datafield tag="505" ind1="0" ind2=" "><subfield code="a">2. p.43 : [blank].</subfield></datafield><datafield tag="505" ind1="0" ind2=" "><subfield code="a">1. p.4-p.42 : Kifayetü'l-vakit li-marifeti'd-dair ve fazle ve's-semt / Mustafa bin Ali Muvakkit.</subfield></datafield><datafield tag="510" ind1="4" ind2=" "><subfield code="a">King, D. A Survey of the scientific manuscripts in the Egyptian National Library. (Winona Lake, 1986),</subfield><subfield code="c">no.H10</subfield></datafield><datafield tag="510" ind1="4" ind2=" "><subfield code="a">Brit. Mus. Cat. Turkish MSS.,</subfield><subfield code="c">p.121</subfield></datafield><datafield tag="520" ind1="8" ind2=" "><subfield code="a">Careful copy of two treatises by Muvakkit Mustafa b. Ali (d.1571), timekeeper in the mosque of Sultan Selim II (r.1566-1574), the first on the use of the almucantar or bridged quadrant (rubʻ al-muqanṭarāt) in 12 bābs and the second on the use of the sine quadrant (rubʻ mujayyab) in 22 bābs (compare his Vafiyetü’l-evkat and Rub-i müceyyeb).</subfield></datafield><datafield tag="538" ind1=" " ind2=" "><subfield code="a">Mode of access: Internet.</subfield></datafield><datafield tag="541" ind1=" " ind2=" "><subfield code="a">Purchased in Cairo, 1933/34.</subfield></datafield><datafield tag="546" ind1=" " ind2=" "><subfield code="a">Ottoman Turkish.</subfield></datafield><datafield tag="561" ind1=" " ind2=" "><subfield code="a">Inscription in pencil on opening leaf (p.1) identifying contents "Turkish. On parallel circles. By Muṣṭafā ibn ʻAlī" ; another inscription in pink pencil on opening leaf (p.1) identifying contents "كتاب المقنطرات باللغة التركية لمصطفى بن على الموقت بالجامع السلطان سليم" and followed by inventory mark or book price ; another inventory mark in red pencil and inscription in black ink also on opening leaf (p.1) ; fairly clean copy.</subfield></datafield><datafield tag="650" ind1=" " ind2="0"><subfield code="a">Manuscripts, Turkish</subfield><subfield code="z">Michigan</subfield><subfield code="z">Ann Arbor.</subfield></datafield><datafield tag="650" ind1=" " ind2="0"><subfield code="a">Time measurements</subfield><subfield code="v">Early works to 1800.</subfield></datafield><datafield tag="650" ind1=" " ind2="0"><subfield code="a">Horology</subfield><subfield code="v">Early works to 1800.</subfield></datafield><datafield tag="650" ind1=" " ind2="0"><subfield code="a">Quadrants (Astronomical instruments)</subfield><subfield code="v">Early works to 1800.</subfield></datafield><datafield tag="650" ind1=" " ind2="0"><subfield code="a">Astronomy</subfield><subfield code="z">Turkey</subfield><subfield code="v">Early works to 1800.</subfield></datafield><datafield tag="740" ind1="0" ind2="2"><subfield code="a">Ṭarīq asʻhal jayb irtifāʻ</subfield></datafield><datafield tag="740" ind1="0" ind2="2"><subfield code="a">Tarik-i eshel-i ceyb-i irtifa</subfield></datafield><datafield tag="740" ind1="0" ind2="2"><subfield code="a">طريق اسهل جيب ارتفاع</subfield></datafield><datafield tag="740" ind1="0" ind2="2"><subfield code="a">Vafiyetü’l-evkat</subfield></datafield><datafield tag="740" ind1="0" ind2="2"><subfield code="a">Rub-i müceyyeb</subfield></datafield><datafield tag="740" ind1="0" ind2="2"><subfield code="a">Risâle-i ceyb-i afâkî</subfield></datafield><datafield tag="740" ind1="0" ind2="2"><subfield code="a">Risale-yi ceyb-i âfakî</subfield></datafield><datafield tag="740" ind1="0" ind2="2"><subfield code="a">رسالۀ جيب آفاقى</subfield></datafield><datafield tag="773" ind1="0" ind2=" "><subfield code="a">Tracy W. McGregor Collection of Arabic, Persian, and Turkish Mathematical and Astronomical Manuscripts.</subfield></datafield><datafield tag="880" ind1="1" ind2="0"><subfield code="6">245-03/</subfield><subfield code="a">[كفاية الوقت لمعرفت الدائر وفضله والسمت ...الخ,</subfield><subfield code="f">1238ه, 1822م].</subfield></datafield><datafield tag="880" ind1="0" ind2=" "><subfield code="6">100-01/</subfield><subfield code="a">مصطفى بن على,</subfield><subfield code="c">موقت.</subfield></datafield><datafield tag="CID" ind1=" " ind2=" "><subfield code="a">006818234</subfield></datafield><datafield tag="DAT" ind1="0" ind2=" "><subfield code="a">20190719102639.0</subfield><subfield code="b">20190719000000.0</subfield></datafield><datafield tag="DAT" ind1="1" ind2=" "><subfield code="a">20190719090653.0</subfield><subfield code="b">2019-07-19T16:10:27Z</subfield></datafield><datafield tag="DAT" ind1="2" ind2=" "><subfield code="a">2015-10-02T18:00:03Z</subfield></datafield><datafield tag="CAT" ind1=" " ind2=" "><subfield code="a">SDR-MIU</subfield><subfield code="d">EX LIBRIS - ALEPH</subfield><subfield code="l">prepare.pl-004-008</subfield></datafield><datafield tag="FMT" ind1=" " ind2=" "><subfield code="a">BK</subfield></datafield><datafield tag="HOL" ind1=" " ind2=" "><subfield code="0">sdr-miu006818234</subfield><subfield code="a">MiU</subfield><subfield code="b">SDR</subfield><subfield code="c">MIU</subfield><subfield code="p">mdp.39015079129840</subfield><subfield code="s">MIU</subfield><subfield code="1">006818234</subfield></datafield><datafield tag="974" ind1=" " ind2=" "><subfield code="b">MIU</subfield><subfield code="c">MIU</subfield><subfield code="d">20190719</subfield><subfield code="s">lit-dlps-dc</subfield><subfield code="u">mdp.39015079129840</subfield><subfield code="y">1822</subfield><subfield code="r">pd</subfield><subfield code="q">bib</subfield><subfield code="t">non-US bib date1 &lt; 1896</subfield></datafield></record></collection>